<record><leader>00000cas a22000007a 4500</leader><controlfield tag="001">1553649</controlfield><controlfield tag="008">750817d19031905mnuwr ne      0    0eng d</controlfield><datafield ind1=" " ind2=" " tag="010"><subfield code="a">sn 91059018 </subfield></datafield><datafield ind1=" " ind2=" " tag="040"><subfield code="a">MUL</subfield><subfield code="b">eng</subfield><subfield code="c">MUL</subfield><subfield code="d">OCL</subfield><subfield code="d">MN#</subfield><subfield code="d">NSD</subfield><subfield code="d">OCLCQ</subfield><subfield code="d">OCLCF</subfield><subfield code="d">OCLCO</subfield></datafield><datafield ind1="1" ind2=" " tag="029"><subfield code="a">AU@</subfield><subfield code="b">000025884813</subfield></datafield><datafield ind1=" " ind2=" " tag="042"><subfield code="a">msc</subfield></datafield><datafield ind1=" " ind2=" " tag="043"><subfield code="a">n-us-mn</subfield></datafield><datafield ind1=" " ind2=" " tag="052"><subfield code="a">4144</subfield><subfield code="b">C4</subfield></datafield><datafield ind1=" " ind2=" " tag="052"><subfield code="a">4143</subfield><subfield code="b">C45</subfield></datafield><datafield ind1="0" ind2="0" tag="245"><subfield code="a">Center City press.</subfield></datafield><datafield ind1=" " ind2=" " tag="260"><subfield code="a">Center City, Chisago County, Minn. :</subfield><subfield code="b">Sam Ringquist,</subfield><subfield code="c">1903-1905.</subfield></datafield><datafield ind1=" " ind2=" " tag="300"><subfield code="a">2 v.</subfield></datafield><datafield ind1=" " ind2=" " tag="310"><subfield code="a">Weekly</subfield></datafield><datafield ind1="0" ind2=" " tag="362"><subfield code="a">Vol. 1, no. 1 (Nov. 5, 1903)-v. 2, no. 26 (Apr. 27, 1905).</subfield></datafield><datafield ind1=" " ind2=" " tag="530"><subfield code="a">Available on microfilm from the Minnesota Historical Society.</subfield></datafield><datafield ind1=" " ind2=" " tag="580"><subfield code="a">Merged with: Chisago County courier, and: Medborgaren, to form: Chisago County press.</subfield></datafield><datafield ind1=" " ind2="0" tag="651"><subfield code="a">Center City (Minn.)</subfield><subfield code="v">Newspapers.</subfield></datafield><datafield ind1=" " ind2="7" tag="655"><subfield code="a">Newspapers.</subfield><subfield code="2">fast</subfield><subfield code="0">(OCoLC)fst01423814</subfield></datafield><datafield ind1=" " ind2="7" tag="651"><subfield code="a">Minnesota</subfield><subfield code="z">Center City.</subfield><subfield code="2">fast</subfield><subfield code="0">(OCoLC)fst01212583</subfield></datafield><datafield ind1=" " ind2=" " tag="752"><subfield code="a">United States</subfield><subfield code="b">Minnesota</subfield><subfield code="c">Chisago</subfield><subfield code="d">Center City.</subfield></datafield><datafield ind1="0" ind2="0" tag="780"><subfield code="t">Nye pressen (Lindstrom, Minn.)</subfield><subfield code="w">(DLC)sn 91059026</subfield></datafield><datafield ind1="1" ind2="7" tag="785"><subfield code="t">Chisago County courier</subfield><subfield code="w">(DLC)sn 91059022</subfield></datafield><datafield ind1="1" ind2="7" tag="785"><subfield code="t">Medborgaren (Lindstrom, Minn.)</subfield></datafield><datafield ind1="1" ind2="7" tag="785"><subfield code="t">Chisago County press</subfield><subfield code="x">1526-9701</subfield><subfield code="w">(DLC)sn 91059024</subfield></datafield></record>